% Methodology
@book{kheir2018systems,
  title={Systems modeling and computer simulation},
  author={Kheir, Naim},
  year={2018},
  publisher={Routledge}
}

@article{levy2006systems,
  title={A systems approach to conduct an effective literature review in support of information systems research.},
  author={Levy, Yair and Ellis, Timothy J},
  journal={Informing Science},
  volume={9},
  pages={181--212},
  year={2006}
}

@inproceedings{iosup2019atlarge,
  title={{The AtLarge Vision on the Design of Distributed Systems and Ecosystems}},
  author={Iosup, Alexandru and Versluis, Laurens and Trivedi, Animesh and Van Eyk, Erwin and Toader, Lucian and Van Beek, Vincent and Frascaria, Giulia and Musaafir, Ahmed and Talluri, Sacheendra},
  booktitle={2019 IEEE 39th International Conference on Distributed Computing Systems (ICDCS)},
  pages={1765--1776},
  year={2019},
  organization={IEEE}
}

@book{hamming1997art,
  title={Art of doing science and engineering: Learning to learn},
  author={Hamming, Richard R},
  year={1997},
  publisher={CRC Press}
}

@article{peffers2007design,
  title={A design science research methodology for information systems research},
  author={Peffers, Ken and Tuunanen, Tuure and Rothenberger, Marcus A and Chatterjee, Samir},
  journal={Journal of management information systems},
  volume={24},
  number={3},
  pages={45--77},
  year={2007},
  publisher={Taylor \& Francis}
}

@misc{bezjak2018openscience,
    title={{Open Science Training Handbook}, Zenodo, DOI:\url{https://doi.org/10.5281/zenodo.1212496}},
    author={Bezjak,Sonja and Clyburne-Sherin,April and Conzett, Philipp, and Fernandes,Pedro and G{\o}r{\o}gh,Edit and Helbig,Kerstin and Kramer,Bianca and Labastida,Ignasi and Niemeyer,Kyle and
    Psomopoulos,Fotis and Ross-Hellauer,Tony and Schneider,Rene and Tennant,Jon and Verbakel,Ellen and Brinken,Helene and Heller,Lambert},
    year={April, 2018}
}

@misc{jay20212facebook,
    title={{Facebook processes more than 500 TB of data daily}},
    author={Parikh, Jay},
    year={August,2012},
    howpublished={\url{https://www.cnet.com/tech/services-and-software/facebook-processes-more-than-500-tb-of-data-daily/}}
}

@misc{vagata2014scaling,
    title={{Scaling the Facebook data warehouse to 300 PB}},
    author={Vagata,Pamela and Wilfong,Kevin},
    year={April,2014},
    howpublished={\url{https://engineering.fb.com/2014/04/10/core-data/scaling-the-facebook-data-warehouse-to-300-pb/}}
}

@article{grange2022astronomical,
  title={Astronomical data organization, management and access in Scientific Data Lakes},
  author={Grange, YG and Pandey, VN and Espinal, X and Di Maria, R and Millar, AP},
  journal={arXiv preprint arXiv:2202.01828},
  year={2022}
}

@article{avery2002data,
  title={Data Grids: a new computational infrastructure for data-intensive science},
  author={Avery, Paul},
  journal={Philosophical Transactions of the Royal Society of London. Series A: Mathematical, Physical and Engineering Sciences},
  volume={360},
  number={1795},
  pages={1191--1209},
  year={2002},
  publisher={The Royal Society}
}

@article{hinkson2017comprehensive,
  title={A comprehensive infrastructure for big data in cancer research: accelerating cancer research and precision medicine},
  author={Hinkson, Izumi V and Davidsen, Tanja M and Klemm, Juli D and Chandramouliswaran, Ishwar and Kerlavage, Anthony R and Kibbe, Warren A},
  journal={Frontiers in cell and developmental biology},
  volume={5},
  pages={83},
  year={2017},
  publisher={Frontiers Media SA}
}

@article{yang2015databases,
  title={Databases and web tools for cancer genomics study},
  author={Yang, Yadong and Dong, Xunong and Xie, Bingbing and Ding, Nan and Chen, Juan and Li, Yongjun and Zhang, Qian and Qu, Hongzhu and Fang, Xiangdong},
  journal={Genomics, proteomics \& bioinformatics},
  volume={13},
  number={1},
  pages={46--50},
  year={2015},
  publisher={Elsevier}
}

@article{greene2014big,
  title={Big data bioinformatics},
  author={Greene, Casey S and Tan, Jie and Ung, Matthew and Moore, Jason H and Cheng, Chao},
  journal={Journal of cellular physiology},
  volume={229},
  number={12},
  pages={1896--1900},
  year={2014},
  publisher={Wiley Online Library}
}


@article{akter2016big,
  title={Big data analytics in E-commerce: a systematic review and agenda for future research},
  author={Akter, Shahriar and Wamba, Samuel Fosso},
  journal={Electronic Markets},
  volume={26},
  number={2},
  pages={173--194},
  year={2016},
  publisher={Springer}
}

@article{ghandour2015big,
  title={Big Data driven e-commerce architecture},
  author={Ghandour, Ahmad},
  journal={International Journal of Economics, Commerce and Management},
  volume={3},
  number={5},
  pages={940--947},
  year={2015}
}

@inproceedings{patel2012addressing,
  title={Addressing big data problem using Hadoop and Map Reduce},
  author={Patel, Aditya B and Birla, Manashvi and Nair, Ushma},
  booktitle={2012 Nirma University International Conference on Engineering (NUiCONE)},
  pages={1--5},
  year={2012},
  organization={IEEE}
}

@inproceedings{li2013distributed,
  title={Distributed key-value store on hpc and cloud systems},
  author={Li, Tonglin and Zhou, Xiaobing and Brandstatter, Kevin and Raicu, Ioan},
  booktitle={2nd Greater Chicago Area System Research Workshop (GCASR)},
  volume={238},
  year={2013}
}

@inproceedings{escriva2012hyperdex,
  title={HyperDex: A distributed, searchable key-value store},
  author={Escriva, Robert and Wong, Bernard and Sirer, Emin G{\"u}n},
  booktitle={Proceedings of the ACM SIGCOMM 2012 conference on Applications, technologies, architectures, and protocols for computer communication},
  pages={25--36},
  year={2012}
}

@inproceedings{lee2019asynchronous,
  title={Asynchronous {I/O} Stack: A Low-latency Kernel {I/O} Stack for {Ultra-Low} Latency {SSDs}},
  author={Lee, Gyusun and Shin, Seokha and Song, Wonsuk and Ham, Tae Jun and Lee, Jae W and Jeong, Jinkyu},
  booktitle={2019 USENIX Annual Technical Conference (USENIX ATC 19)},
  pages={603--616},
  year={2019}
}


@article{wilkinson2016fair,
  title={The FAIR Guiding Principles for scientific data management and stewardship},
  author={Wilkinson, Mark D. and Dumontier, Michel and Aalbersberg, IJsbrand Jan and Appleton, Gabrielle and Axton, Myles and Baak, Arie and Blomberg, Niklas and Boiten, Jan-Willem and da Silva Santos, Luiz Bonino and Bourne, Philip E and others},
  journal={Nature Scientific Data, 3.10.1038/sdata.2016.18},
  year={2016},
  publisher={Nature Publishing Group}
}

@misc{berger2019crisis,
    title={{A Checklist Manifesto for Empirical Evaluation: A Preemptive Strike
    Against a Replication Crisis in Computer Science (2019)}},
    Author={Berger,Emery D. and Blackburn,Stephen M. and Hauswirth,Matthias and Hicks, Michael W.},
    year={2019},
    howpublished={\url{https://blog.sigplan.org/2019/08/28/a-checklist-manifesto-for-empirical-evaluation-a-preemptive-strike-against-a-replication-crisis-in-computer-science/}}
}

@misc{2022expectednvme,
    title={{Non-volatile Memory Express (NVMe) Market by Product (SSDs, Servers, All-flash Arrays, Adapters), Deployment Location (On-premise, Remote, Hybrid), Communication Standard (Ethernet, Fibre Channel, InfiniBand), Vertical, and Region - Global Forecast to 2025}},
    year={February, 2022},
    howpublished={\url{https://www.marketsandmarkets.com/Market-Reports/non-volatile-memory-express-market-30458978.html}}
}

@misc{hoff2009cost,
    title={{ Latency is Everywhere and it Costs You Sales - How to Crush it}},
    Author={Hoff,Tod},
    year={July, 2009},
    howpublished={\url{http://highscalability.com/latency-everywhere-and-it-costs-you-sales-how-crush-it}}
}

@misc{linden2006,
    title={{Make Data Useful}},
    Author={Linden,Greg},
    year={December,2006},
    howpublished={\url{https://glinden.blogspot.com/2006/12/slides-from-my-talk-at-stanford.html}}
}

@article{lersch2020enabling,
  title={Enabling low tail latency on multicore key-value stores},
  author={Lersch, Lucas and Schreter, Ivan and Oukid, Ismail and Lehner, Wolfgang},
  journal={Proceedings of the VLDB Endowment},
  volume={13},
  number={7},
  pages={1091--1104},
  year={2020},
  publisher={VLDB Endowment}
}

@misc{mayer2006,
    title={{Greg Linden: Marissa Mayer at Web 2.0}},
    Author={Mayer,Marissa},
    year={November, 2006},
    howpublished={\url{https://glinden.blogspot.com/2006/11/marissa-mayer-at-web-20.html}}
}


@inproceedings{uta2020big,
  title={Is big data performance reproducible in modern cloud networks?},
  author={Uta, Alexandru and Custura, Alexandru and Duplyakin, Dmitry and Jimenez, Ivo and Rellermeyer, Jan and Maltzahn, Carlos and Ricci, Robert and Iosup, Alexandru},
  booktitle={17th USENIX symposium on networked systems design and implementation (NSDI 20)},
  pages={513--527},
  year={2020}
}

@book{jain2008art,
  title={The art of computer systems performance analysis},
  author={Jain, Raj},
  year={2008},
  publisher={john wiley \& sons}
}

@article{ousterhout2018always,
  title={Always measure one level deeper, DOI:\url{https://doi.org/10.1145/3213770}},
  author={Ousterhout, John},
  journal={Communications of the ACM},
  volume={61},
  number={7},
  pages={74--83},
  year={2018},
  publisher={ACM New York, NY, USA}
}

@misc{gernor2202crimes,
    title={{Systems Benchmarking Crimes}},
    author={Heiser,Gernot},
    year={2020},
    howpublished={\url{www.cse.unsw.edu.au/~Gernot/benchmarking-crimes.html}}
}

%Extra
@article{patrizio2018idc,
  title={IDC: Expect 175 zettabytes of data worldwide by 2025},
  author={Patrizio, Andy},
  journal={Network World},
  year={2018}
}

@book{oram2007beautiful,
  title={Beautiful code Leading programmers explain how they think},
  author={Oram, Andy and Wilson, Greg},
  year={2007},
  pages={279--291},
  publisher={Oâ€™Reilly Media, Inc}
}


% Introduction
@article{bhatt2020next,
  title={Next Generation Smart Fridge System using IoT},
  author={Bhatt, Aadhya and Bhatt, Ananta and Fiaidhi, Jinan},
  year={2020},
  publisher={TechRxiv}
}

@article{beierle2020data,
  title={What data are smartphone users willing to share with researchers?},
  author={Beierle, Felix and Tran, Vinh Thuy and Allemand, Mathias and Neff, Patrick and Schlee, Winfried and Probst, Thomas and Zimmermann, Johannes and Pryss, R{\"u}diger},
  journal={Journal of Ambient Intelligence and Humanized Computing},
  volume={11},
  number={6},
  pages={2277--2289},
  year={2020},
  publisher={Springer}
}

@article{sutherland2014forensic,
  title={Forensic analysis of smart TV: A current issue and call to arms},
  author={Sutherland, Iain and Read, Huw and Xynos, Konstantinos},
  journal={Digital Investigation},
  volume={11},
  number={3},
  pages={175--178},
  year={2014},
  publisher={Elsevier}
}


@article{eberendu2016unstructured,
  title={Unstructured Data: an overview of the data of Big Data},
  author={Eberendu, Adanma Cecilia and others},
  journal={International Journal of Computer Trends and Technology},
  volume={38},
  number={1},
  pages={46--50},
  year={2016}
}

@article{iosup2022future,
  title={Future Computer Systems and Networking Research in the Netherlands: A Manifesto},
  author={Iosup, Alexandru and Kuipers, Fernando and Varbanescu, Ana Lucia and Grosso, Paola and Trivedi, Animesh and Rellermeyer, Jan and Wang, Lin and Uta, Alexandru and Regazzoni, Francesco},
  journal={arXiv preprint arXiv:2206.03259},
  year={2022}
}

@inproceedings{li2020can,
  title={Can we store the whole world's data in {DNA} storage?},
  author={Li, Bingzhe and Song, Nae Young and Ou, Li and Du, David HC},
  booktitle={Proceedings of the 12th USENIX Conference on Hot Topics in Storage and File Systems},
  pages={15--15},
  year={2020}
}

@article{matsunobu2020myrocks,
  title={MyRocks: LSM-tree database storage engine serving Facebook's Social Graph},
  author={Matsunobu, Yoshinori and Dong, Siying and Lee, Herman},
  journal={Proceedings of the VLDB Endowment},
  volume={13},
  number={12},
  pages={3217--3230},
  year={2020},
  publisher={VLDB Endowment}
}


@inproceedings{kang2014durable,
  title={Durable write cache in flash memory SSD for relational and NoSQL databases},
  author={Kang, Woon-Hak and Lee, Sang-Won and Moon, Bongki and Kee, Yang-Suk and Oh, Moonwook},
  booktitle={Proceedings of the 2014 ACM SIGMOD international conference on Management of data},
  pages={529--540},
  year={2014}
}

@inproceedings{cao2020polardb,
  title={{POLARDB} Meets Computational Storage: Efficiently Support Analytical Workloads in {Cloud-Native} Relational Database},
  author={Cao, Wei and Liu, Yang and Cheng, Zhushi and Zheng, Ning and Li, Wei and Wu, Wenjie and Ouyang, Linqiang and Wang, Peng and Wang, Yijing and Kuan, Ray and others},
  booktitle={18th USENIX Conference on File and Storage Technologies (FAST 20)},
  pages={29--41},
  year={2020}
}

@article{andersen2010rethinking,
  title={Rethinking flash in the data center},
  author={Andersen, David G and Swanson, Steven},
  journal={IEEE micro},
  volume={30},
  number={04},
  pages={52--54},
  year={2010},
  publisher={IEEE Computer Society}
}


@article{dayarathna2015data,
  title={Data center energy consumption modeling: A survey},
  author={Dayarathna, Miyuru and Wen, Yonggang and Fan, Rui},
  journal={IEEE Communications surveys \& tutorials},
  volume={18},
  number={1},
  pages={732--794},
  year={2015},
  publisher={IEEE}
}

@article{athanassoulis2010flash,
  title={Flash in a DBMS: Where and How?},
  author={Athanassoulis, Manos and Ailamaki, Anastasia and Chen, Shimin and Gibbons, Phillip and Stoica, Radu},
  journal={IEEE Data Engineering Bulletin},
  volume={33},
  number={ARTICLE},
  year={2010}
}

@inproceedings{liu2015read,
  title={Read leveling for flash storage systems},
  author={Liu, Chun-Yi and Chang, Yu-Ming and Chang, Yuan-Hao},
  booktitle={Proceedings of the 8th ACM International Systems and Storage Conference},
  pages={1--10},
  year={2015}
}

@article{chung2009survey,
  title={A survey of flash translation layer},
  author={Chung, Tae-Sun and Park, Dong-Joo and Park, Sangwon and Lee, Dong-Ho and Lee, Sang-Won and Song, Ha-Joo},
  journal={Journal of Systems Architecture},
  volume={55},
  number={5-6},
  pages={332--343},
  year={2009},
  publisher={Elsevier}
}

@inproceedings{yang2014garbage,
  title={Garbage collection and wear leveling for flash memory: {Past} and future},
  author={Yang, Ming-Chang and Chang, Yu-Ming and Tsao, Che-Wei and Huang, Po-Chun and Chang, Yuan-Hao and Kuo, Tei-Wei},
  booktitle={2014 International Conference on Smart Computing},
  pages={66--73},
  year={2014},
  organization={IEEE}
}

@article{lakshman2010cassandra,
  title={Cassandra: a decentralized structured storage system},
  author={Lakshman, Avinash and Malik, Prashant},
  journal={ACM SIGOPS Operating Systems Review},
  volume={44},
  number={2},
  pages={35--40},
  year={2010},
  publisher={ACM New York, NY, USA}
}

@inproceedings{dong2021evolution,
  title={{Evolution} of {Development Priorities} in {Key-value Stores Serving Large-scale Applications}: {The RocksDB Experience}},
  author={Dong, Siying and Kryczka, Andrew and Jin, Yanqin and Stumm, Michael},
  booktitle={19th {USENIX} Conference on File and Storage Technologies ({FAST} 21)},
  pages={33--49},
  year={2021}
}

@inproceedings{yang2015optimizing,
  title={Optimizing {NoSQL DB} on flash: a case study of {RocksDB}},
  author={Yang, Fei and Dou, Kun and Chen, Siyu and Hou, Mengwei and Kang, Jeong-Uk and Cho, Sangyeun},
  booktitle={2015 IEEE 12th Intl Conf on Ubiquitous Intelligence and Computing and 2015 IEEE 12th Intl Conf on Autonomic and Trusted Computing and 2015 IEEE 15th Intl Conf on Scalable Computing and Communications and Its Associated Workshops (UIC-ATC-ScalCom)},
  pages={1062--1069},
  year={2015},
  organization={IEEE}
}

@inproceedings{wu2019towards,
  title={Towards an unwritten contract of intel optane $\{$SSD$\}$},
  author={Wu, Kan and Arpaci-Dusseau, Andrea and Arpaci-Dusseau, Remzi},
  booktitle={11th USENIX Workshop on Hot Topics in Storage and File Systems (HotStorage 19)},
  year={2019}
}

@inproceedings{xu2015performance,
  title={Performance analysis of NVMe SSDs and their implication on real world databases},
  author={Xu, Qiumin and Siyamwala, Huzefa and Ghosh, Mrinmoy and Suri, Tameesh and Awasthi, Manu and Guz, Zvika and Shayesteh, Anahita and Balakrishnan, Vijay},
  booktitle={Proceedings of the 8th ACM International Systems and Storage Conference},
  pages={1--11},
  year={2015}
}

@inproceedings{lu2022nvme,
  title={{NVMe}{SSD} Failures in the Field: the {Fail-Stop} and the {Fail-Slow}},
  author={Lu, Ruiming and Xu, Erci and Zhang, Yiming and Zhu, Zhaosheng and Wang, Mengtian and Zhu, Zongpeng and Xue, Guangtao and Li, Minglu and Wu, Jiesheng},
  booktitle={2022 USENIX Annual Technical Conference (USENIX ATC 22)},
  pages={1005--1020},
  year={2022}
}

% background
@article{klein2016history,
  title={The history of semiconductor memory: From magnetic tape to NAND flash memory},
  author={Klein, Dean},
  journal={IEEE Solid-State Circuits Magazine},
  volume={8},
  number={2},
  pages={16--22},
  year={2016},
  publisher={IEEE}
}

@inproceedings{lee2008case,
  title={A case for flash memory {SSD} in enterprise database applications},
  author={Lee, Sang-Won and Moon, Bongki and Park, Chanik and Kim, Jae-Myung and Kim, Sang-Woo},
  booktitle={Proceedings of the 2008 ACM SIGMOD international conference on Management of data},
  pages={1075--1086},
  year={2008}
}

@inproceedings{rizvi2010flash,
  title={Flash SSD vs HDD: High performance oriented modern embedded and multimedia storage systems},
  author={Rizvi, Sanam Shahla and Chung, Tae-Sun},
  booktitle={2010 2nd International Conference on Computer Engineering and Technology},
  volume={7},
  pages={V7--297},
  year={2010},
  organization={IEEE}
}

@inproceedings{ajwani2008characterizing,
  title={Characterizing the performance of flash memory storage devices and its impact on algorithm design},
  author={Ajwani, Deepak and Malinger, Itay and Meyer, Ulrich and Toledo, Sivan},
  booktitle={International Workshop on Experimental and Efficient Algorithms},
  pages={208--219},
  year={2008},
  organization={Springer}
}

@inproceedings{grupp2012bleak,
  title={The bleak future of NAND flash memory.},
  author={Grupp, Laura M and Davis, John D and Swanson, Steven},
  booktitle={FAST},
  volume={7},
  number={3.2},
  pages={10--2},
  year={2012}
}

@article{tannu2022dirty,
  title={The Dirty Secret of SSDs: Embodied Carbon},
  author={Tannu, Swamit and Nair, Prashant J},
  journal={arXiv preprint arXiv:2207.10793},
  year={2022}
}

@article{ma2020low,
  title={A low-cost improved method of raw bit error rate estimation for NAND flash memory of high storage density},
  author={Ma, Kainan and Liu, Ming and Li, Tao and Yin, Yibo and Chen, Hongda},
  journal={Electronics},
  volume={9},
  number={11},
  pages={1900},
  year={2020},
  publisher={Multidisciplinary Digital Publishing Institute}
}

article{alsalibi2018survey,
  title={A survey of techniques for architecting {SLC/MLC/TLC} hybrid {Flash} memory--based {SSDs}},
  author={Alsalibi, Ahmed Izzat and Mittal, Sparsh and Al-Betar, Mohammed Azmi and Sumari, Putra Bin},
  journal={Concurrency and Computation: Practice and Experience},
  volume={30},
  number={13},
  pages={e4420},
  year={2018},
  publisher={Wiley Online Library}
}

@article{cornwell2012anatomy,
  title={Anatomy of a solid-state drive},
  author={Cornwell, Michael},
  journal={Communications of the ACM},
  volume={55},
  number={12},
  pages={59--63},
  year={2012},
  publisher={ACM New York, NY, USA}
}

@misc{landsman2013ahci,
  title={{AHCI} and {NVMe} as interfaces for {SATA Expressâ„¢ Devices}},
  author={Landsman, Dave and Walker, D},
  journal={2013--11--15)[2020--02--01},
  year={2013}
}

@incollection{wong2013ssd,
  title={SSD market overview},
  author={Wong, Greg},
  booktitle={Inside Solid State Drives (SSDs)},
  pages={1--17},
  year={2013},
  publisher={Springer}
}

@article{kwon2011ftl,
  title={FTL algorithms for NAND-type flash memories},
  author={Kwon, Se Jin and Ranjitkar, Arun and Ko, Young-Bae and Chung, Tae-Sun},
  journal={Design Automation for Embedded Systems},
  volume={15},
  number={3},
  pages={191--224},
  year={2011},
  publisher={Springer}
}


@inproceedings{jhin2018optimizing,
  title={Optimizing host-level flash translation layer with considering storage stack of host systems},
  author={Jhin, Jhuyeong and Kim, Hyukjoong and Shin, Dongkun},
  booktitle={Proceedings of the 12th International Conference on Ubiquitous Information Management and Communication},
  pages={1--4},
  year={2018}
}

@article{chen2009understanding,
  title={Understanding intrinsic characteristics and system implications of flash memory based solid state drives},
  author={Chen, Feng and Koufaty, David A and Zhang, Xiaodong},
  journal={ACM SIGMETRICS Performance Evaluation Review},
  volume={37},
  number={1},
  pages={181--192},
  year={2009},
  publisher={ACM New York, NY, USA}
}

@article{sharma2012sql,
  title={Sql and nosql databases},
  author={Sharma, Vatika and Dave, Meenu},
  journal={International Journal of Advanced Research in Computer Science and Software Engineering},
  volume={2},
  number={8},
  year={2012}
}

@article{rusinkiewicz1995specification,
  title={{Specification} and {Execution} of {Transactional Workflows}.},
  author={Rusinkiewicz, Marek and Sheth, Amit P},
  journal={Modern database systems},
  volume={1995},
  pages={592--620},
  year={1995},
  publisher={Citeseer}
}

@inproceedings{debnath2011skimpystash,
  title={{SkimpyStash}: {RAM} space skimpy key-value store on flash-based storage},
  author={Debnath, Biplob and Sengupta, Sudipta and Li, Jin},
  booktitle={Proceedings of the 2011 ACM SIGMOD International Conference on Management of data},
  pages={25--36},
  year={2011}
}

@article{risch2015introduction,
  title={Introduction to {NoSQL Databases}},
  author={Risch, Tore},
  journal={NoSQLDatabases.pdf},
  year={2015}
}

@inproceedings{cao2020characterizing,
  title={Characterizing, {Modeling}, and {Benchmarking} {RocksDB}{Key-Value} {Workloads} at {Facebook}},
  author={Cao, Zhichao and Dong, Siying and Vemuri, Sagar and Du, David HC},
  booktitle={18th USENIX Conference on File and Storage Technologies (FAST 20)},
  pages={209--223},
  year={2020}
}

@inproceedings{yeon2020jellyfish,
  title={JellyFish: A Fast Skip List with MVCC},
  author={Yeon, Jeseong and Kim, Leeju and Han, Youil and Lee, Hyeon Gyu and Lee, Eunji and Kim, Bryan S},
  booktitle={Proceedings of the 21st International Middleware Conference},
  pages={134--148},
  year={2020}
}

@inproceedings{akram2012numa,
  title={NUMA implications for storage I/O throughput in modern servers},
  author={Akram, Shoaib and Marazakis, Manolis and Bilas, Angelos},
  booktitle={3rd Workshop on Computer Architecture and Operating System co-design (CAOSâ€™12)},
  year={2012}
}

@inproceedings{agrawal2008design,
  title={Design Tradeoffs for $\{$SSD$\}$ Performance},
  author={Agrawal, Nitin and Prabhakaran, Vijayan and Wobber, Ted and Davis, John D and Manasse, Mark and Panigrahy, Rina},
  booktitle={2008 USENIX Annual Technical Conference (USENIX ATC 08)},
  year={2008}
}

@article{chang2008bigtable,
  title={Bigtable: A distributed storage system for structured data},
  author={Chang, Fay and Dean, Jeffrey and Ghemawat, Sanjay and Hsieh, Wilson C and Wallach, Deborah A and Burrows, Mike and Chandra, Tushar and Fikes, Andrew and Gruber, Robert E},
  journal={ACM Transactions on Computer Systems (TOCS)},
  volume={26},
  number={2},
  pages={1--26},
  year={2008},
  publisher={ACM New York, NY, USA}
}

@article{lu2017wisckey,
  title={Wisckey: {Separating keys} from values in {SSD}-conscious storage},
  author={Lu, Lanyue and Pillai, Thanumalayan Sankaranarayana and Gopalakrishnan, Hariharan and Arpaci-Dusseau, Andrea C and Arpaci-Dusseau, Remzi H},
  journal={ACM Transactions on Storage (TOS)},
  volume={13},
  number={1},
  pages={1--28},
  year={2017},
  publisher={ACM New York, NY, USA}
}

@book{gancarz2003linux,
  title={Linux and the Unix philosophy},
  author={Gancarz, Mike},
  year={2003},
  publisher={Digital Press}
}

@article{tehrany2022understanding,
  title={Understanding NVMe Zoned Namespace (ZNS) Flash SSD Storage Devices},
  author={Tehrany, Nick and Trivedi, Animesh},
  journal={arXiv preprint arXiv:2206.01547},
  year={2022}
}

@inproceedings{lee2015f2fs,
  title={$\{$F2FS$\}$: A New File System for Flash Storage},
  author={Lee, Changman and Sim, Dongho and Hwang, Jooyoung and Cho, Sangyeun},
  booktitle={13th USENIX Conference on File and Storage Technologies (FAST 15)},
  pages={273--286},
  year={2015}
}

@article{hwang2014heapo,
  title={Heapo: Heap-based persistent object store},
  author={Hwang, Taeho and Jung, Jaemin and Won, Youjip},
  journal={ACM Transactions on Storage (TOS)},
  volume={11},
  number={1},
  pages={1--21},
  year={2014},
  publisher={ACM New York, NY, USA}
}

@article{macko2017smore,
  title={Smore: A cold data object store for smr drives (extended version)},
  author={Macko, Peter and Ge, Xiongzi and Haskins Jr, John and Kelley, James and Slik, David and Smith, Keith A and Smith, Maxim G},
  journal={arXiv preprint arXiv:1705.09701},
  year={2017}
}

% interfaces
@inproceedings{bjorling2021zns,
  title={{ZNS}: Avoiding the Block Interface Tax for Flash-based {SSDs}},
  author={Bj{\o}rling, Matias and Aghayev, Abutalib and Holmberg, Hans and Ramesh, Aravind and Le Moal, Damien and Ganger, Gregory R and Amvrosiadis, George},
  booktitle={2021 USENIX Annual Technical Conference (USENIX ATC 21)},
  pages={689--703},
  year={2021}
}

@inproceedings{bjorling2017lightnvm,
    author = {Matias Bj{\o}rling and Javier Gonzalez and Philippe Bonnet},
    title = {{LightNVM}: {The Linux} {Open-Channel} {SSD} {Subsystem}},
    booktitle = {15th USENIX Conference on File and Storage Technologies (FAST 17)},
    year = {2017},
    isbn = {978-1-931971-36-2},
    address = {Santa Clara, CA},
    pages = {359--374},
    url = {https://www.usenix.org/conference/fast17/technical-sessions/presentation/bjorling},
    publisher = {USENIX Association},
    month = feb,
}

@inproceedings{bjorling2019open,
  title={From open-channel SSDs to zoned namespaces},
  author={Bj{\o}rling, Matias},
  booktitle={Proc. Linux Storage Filesyst. Conf.(Vault)},
  volume={1},
  year={2019}
}

% Related work OCSSD
@inproceedings{wang2014efficient,
  title={An efficient design and implementation of LSM-tree based key-value store on open-channel SSD},
  author={Wang, Peng and Sun, Guangyu and Jiang, Song and Ouyang, Jian and Lin, Shiding and Zhang, Chen and Cong, Jason},
  booktitle={Proceedings of the Ninth European Conference on Computer Systems},
  pages={1--14},
  year={2014}
}

@article{zhang2017flashkv,
  title={Flashkv: Accelerating kv performance with open-channel ssds},
  author={Zhang, Jiacheng and Lu, Youyou and Shu, Jiwu and Qin, Xiongjun},
  journal={ACM Transactions on Embedded Computing Systems (TECS)},
  volume={16},
  number={5s},
  pages={1--19},
  year={2017},
  publisher={ACM New York, NY, USA}
}

@inproceedings{vinccon2018noftl,
  title={Noftl-kv: Tackling write-amplification on kv-stores with native storage management},
  author={Vin{\c{c}}on, Tobias and Hardock, Sergej and Riegger, Christian and Oppermann, Julian and Koch, Andreas and Petrov, Ilia},
  booktitle={Advances in database technology-EDBT 2018: 21st International Conference on Extending Database Technology, Vienna, Austria, March 26-29, 2018. proceedings},
  pages={457--460},
  year={2018},
  organization={University of Konstanz, University Library}
}

% Related work ZNS
@inproceedings{choi2020new,
  title={A New LSM-style Garbage Collection Scheme for {ZNS} SSDs},
  author={Choi, Gunhee and Lee, Kwanghee and Oh, Myunghoon and Choi, Jongmoo and Jhin, Jhuyeong and Oh, Yongseok},
  booktitle={12th {USENIX} Workshop on Hot Topics in Storage and File Systems (HotStorage 20)},
  year={2020}
}

@article{purandareappend,
  title={Append is {Near}: {Log-based Data Management} on {ZNS} {SSDs}},
  author={Purandare, Devashish R and Wilcox, Peter and Litz, Heiner and Finkelstein, Shel}
}

@article{le2020zonefs,
  title={zonefs: Mapping $\{$POSIX$\}$ File System Interface to Raw Zoned Block Device Accesses},
  author={Le Moal, Damien and Yao, Ting},
  year={2020}
}

@inproceedings{stavrinos2021don,
  title={Don't be a blockhead: zoned namespaces make work on conventional SSDs obsolete},
  author={Stavrinos, Theano and Berger, Daniel S and Katz-Bassett, Ethan and Lloyd, Wyatt},
  booktitle={Proceedings of the Workshop on Hot Topics in Operating Systems},
  pages={144--151},
  year={2021}
}

@inproceedings{jung2022lifetime,
  title={Lifetime-leveling LSM-tree compaction for ZNS SSD},
  author={Jung, Jeeyoon and Shin, Dongkun},
  booktitle={Proceedings of the 14th ACM Workshop on Hot Topics in Storage and File Systems},
  pages={100--105},
  year={2022}
}

@inproceedings{lee2022compaction,
  title={Compaction-aware zone allocation for LSM based key-value store on ZNS SSDs},
  author={Lee, Hee-Rock and Lee, Chang-Gyu and Lee, Seungjin and Kim, Youngjae},
  booktitle={Proceedings of the 14th ACM Workshop on Hot Topics in Storage and File Systems},
  pages={93--99},
  year={2022}
}

@article{doekemeijer2022key,
  title={Key-Value Stores on Flash Storage Devices: A Survey},
  author={Doekemeijer, Krijn and Trivedi, Animesh},
  journal={arXiv preprint arXiv:2205.07975},
  year={2022}
}

@inproceedings{maheshwari2021blocks,
  title={From blocks to rocks: A natural extension of zoned namespaces},
  author={Maheshwari, Umesh},
  booktitle={Proceedings of the 13th ACM Workshop on Hot Topics in Storage and File Systems},
  pages={21--27},
  year={2021}
}

% Related work ZNS general
@inproceedings{shin2020exploring,
  title={Exploring performance characteristics of ZNS SSDs: Observation and implication},
  author={Shin, Hojin and Oh, Myounghoon and Choi, Gunhee and Choi, Jongmoo},
  booktitle={2020 9th Non-Volatile Memory Systems and Applications Symposium (NVMSA)},
  pages={1--5},
  year={2020},
  organization={IEEE}
}

@inproceedings{bergman2022znswap,
  title={$\{$ZNSwap$\}$:$\{$un-Block$\}$ your Swap},
  author={Bergman, Shai and Cassel, Niklas and Bj{\o}rling, Matias and Silberstein, Mark},
  booktitle={2022 USENIX Annual Technical Conference (USENIX ATC 22)},
  pages={1--18},
  year={2022}
}

@inproceedings{han2021zns,
  title={ZNS+: Advanced zoned namespace interface for supporting in-storage zone compaction},
  author={Han, Kyuhwa and Gwak, Hyunho and Shin, Dongkun and Hwang, Jooyoung},
  booktitle={15th $\{$USENIX$\}$ Symposium on Operating Systems Design and Implementation ($\{$OSDI$\}$ 21)},
  pages={147--162},
  year={2021}
}

% Related work compaction
@inproceedings{balmau2019silk,
  title={{SILK}: {Preventing Latency Spikes} in {Log-Structured Merge Key-Value Stores}},
  author={Balmau, Oana and Dinu, Florin and Zwaenepoel, Willy and Gupta, Karan and Chandhiramoorthi, Ravishankar and Didona, Diego},
  booktitle={2019 {USENIX} Annual Technical Conference ({USENIX}{ATC} 19)},
  pages={753--766},
  year={2019}
}

@inproceedings{balmau2017triad,
  title={{TRIAD}: {Creating Synergies Between Memory, Disk and Log} in {Log Structured Key-Value Stores}},
  author={Balmau, Oana and Didona, Diego and Guerraoui, Rachid and Zwaenepoel, Willy and Yuan, Huapeng and Arora, Aashray and Gupta, Karan and Konka, Pavan},
  booktitle={2017 {USENIX} Annual Technical Conference ({USENIX}{ATC} 17)},
  pages={363--375},
  year={2017}
}

@inproceedings{chai2019ldc,
  title={{LDC}: a lower-level driven compaction method to optimize {SSD-oriented} key-value stores},
  author={Chai, Yunpeng and Chai, Yanfeng and Wang, Xin and Wei, Haocheng and Bao, Ning and Liang, Yushi},
  booktitle={2019 IEEE 35th International Conference on Data Engineering (ICDE)},
  pages={722--733},
  year={2019},
  organization={IEEE}
}

@inproceedings{mei2018sifrdb,
  title={{SifrDB}: {A} unified solution for write-optimized key-value stores in large datacenter},
  author={Mei, Fei and Cao, Qiang and Jiang, Hong and Li, Jingjun},
  booktitle={Proceedings of the ACM Symposium on Cloud Computing},
  pages={477--489},
  year={2018}
}

@inproceedings{raju2017pebblesdb,
  title={{PebblesDB}: {Building} key-value stores using fragmented log-structured merge trees},
  author={Raju, Pandian and Kadekodi, Rohan and Chidambaram, Vijay and Abraham, Ittai},
  booktitle={Proceedings of the 26th Symposium on Operating Systems Principles},
  pages={497--514},
  year={2017}
}

@inproceedings{liu2021ptierdb,
  title={{PTierDB}: {Building Better Read-Write Cost Balanced Key-Value Stores for Small Data on SSD}},
  author={Liu, Li and Zhou, Ke},
  booktitle={2021 Design, Automation \& Test in Europe Conference \& Exhibition (DATE)},
  pages={796--801},
  year={2021},
  organization={IEEE}
}


@article{shen2018didacache,
  title={Didacache: an integration of device and application for flash-based key-value caching},
  author={Shen, Zhaoyan and Chen, Feng and Jia, Yichen and Shao, Zili},
  journal={ACM Transactions on Storage (TOS)},
  volume={14},
  number={3},
  pages={1--32},
  year={2018},
  publisher={ACM New York, NY, USA}
}

@inproceedings{sivasubramanian2012amazon,
  title={Amazon {dynamoDB}: a seamlessly scalable non-relational database service},
  author={Sivasubramanian, Swaminathan},
  booktitle={Proceedings of the 2012 ACM SIGMOD International Conference on Management of Data},
  pages={729--730},
  year={2012}
}


% I/O frameworks
@misc{spdk, 
    title = {Storage Performance Development Kit},
    howpublished = {\url{https://spdk.io/}, last accessed on 2022-02-14}
}

@misc{NVMeSpec,
    title = {NVMe command set specifications},
    howpublished = {\url{https://nvmexpress.org/developers/nvme-command-set-specifications/}, last accessed on 2022-08-14 }
}

@misc{zonedstorage, 
    title = {NVMe Zoned Namespaces (ZNS) SSDs},
    howpublished = {\url{https://zonedstorage.io/docs/introduction/zns}, last accessed on 2022-08-14}
}

@misc{iso2017iso,
  title={ISO/IEC 14882: 2017 information technologyâ€”programming languagesâ€”C++.},
  author={ISO},
  year={2017}
}

@article{alsalibi2018survey,
  title={A survey of techniques for architecting {SLC/MLC/TLC} hybrid {Flash} memory--based {SSDs}},
  author={Alsalibi, Ahmed Izzat and Mittal, Sparsh and Al-Betar, Mohammed Azmi and Sumari, Putra Bin},
  journal={Concurrency and Computation: Practice and Experience},
  volume={30},
  number={13},
  pages={e4420},
  year={2018},
  publisher={Wiley Online Library}
}

@inproceedings{yang2017spdk,
  title={SPDK: A development kit to build high performance storage applications},
  author={Yang, Ziye and Harris, James R and Walker, Benjamin and Verkamp, Daniel and Liu, Changpeng and Chang, Cunyin and Cao, Gang and Stern, Jonathan and Verma, Vishal and Paul, Luse E},
  booktitle={2017 IEEE International Conference on Cloud Computing Technology and Science (CloudCom)},
  pages={154--161},
  year={2017},
  organization={IEEE}
}

@inproceedings{didona2022understanding,
  title={Understanding modern storage APIs: a systematic study of libaio, SPDK, and io\_uring},
  author={Didona, Diego and Pfefferle, Jonas and Ioannou, Nikolas and Metzler, Bernard and Trivedi, Animesh},
  booktitle={Proceedings of the 15th ACM International Conference on Systems and Storage},
  pages={120--127},
  year={2022}
}

@inproceedings{kourtis2019reaping,
  title={Reaping the performance of fast {NVM} storage with udepot},
  author={Kourtis, Kornilios and Ioannou, Nikolas and Koltsidas, Ioannis},
  booktitle={17th {USENIX} Conference on File and Storage Technologies ({FAST} 19)},
  pages={1--15},
  year={2019}
}

@inproceedings{min2012sfs,
  title={SFS: random write considered harmful in solid state drives.},
  author={Min, Changwoo and Kim, Kangnyeon and Cho, Hyunjin and Lee, Sang-Won and Eom, Young Ik},
  booktitle={FAST},
  volume={12},
  pages={1--16},
  year={2012}
}

@article{galli2001journal,
  title={Journal file systems in Linux},
  author={Galli, Ricardo},
  journal={Update},
  volume={2},
  number={6},
  pages={50--56},
  year={2001}
}


% LSM-tree and related work
@article{o1996log,
  title={The log-structured merge-tree (LSM-tree)},
  author={Oâ€™Neil, Patrick and Cheng, Edward and Gawlick, Dieter and Oâ€™Neil, Elizabeth},
  journal={Acta Informatica},
  volume={33},
  number={4},
  pages={351--385},
  year={1996},
  publisher={Springer}
}

% RocksDB and LevelDB
@misc{RocksDB,
  author = {Facebook},
  title = {{RocksDB}},
  urldate = {2022-02-15},
  publisher = {GitHub},
  journal = {GitHub repository},
  howpublished = {\url{https://github.com/facebook/rocksdb/}, last accessed on 2022-02-15},
  commit = {241b5aa15aaf1569ff13a2da2e13a34f90de7aa6}
}

@misc{LevelDB,
  author = {Google},
  title = {{LevelDB}},
  urldate = {2022-02-15},
  publisher = {GitHub},
  journal = {GitHub repository},
  howpublished = {\url{https://github.com/google/leveldb}, last accessed on 2022-02-15},
  commit = {4fb146810cd265ffefa7f9905c016ae965ad36c8}
}

@misc{ghemawat2011leveldb,
  title={{LevelDB}},
  author={Ghemawat, Sanjay and Dean, Jeff},
  year={2011}
}

% Other
@inproceedings{bornholt2016specifying,
  title={Specifying and checking file system crash-consistency models},
  author={Bornholt, James and Kaufmann, Antoine and Li, Jialin and Krishnamurthy, Arvind and Torlak, Emina and Wang, Xi},
  booktitle={Proceedings of the Twenty-First International Conference on Architectural Support for Programming Languages and Operating Systems},
  pages={83--98},
  year={2016}
}

@inproceedings{dong2017optimizing,
  title={Optimizing Space Amplification in RocksDB.},
  author={Dong, Siying and Callaghan, Mark and Galanis, Leonidas and Borthakur, Dhruba and Savor, Tony and Strum, Michael},
  booktitle={CIDR},
  volume={3},
  pages={3},
  year={2017}
}

@article{williams1993painless,
  title={A painless guide to CRC error detection algorithms},
  author={Williams, Ross and others},
  journal={Internet publication, August},
  year={1993}
}

@article{robinson1967results,
  title={Results of a prototype television bandwidth compression scheme},
  author={Robinson, A Harry and Cherry, Colin},
  journal={Proceedings of the IEEE},
  volume={55},
  number={3},
  pages={356--364},
  year={1967},
  publisher={IEEE}
}

@article{pan2017dcompaction,
  title={dCompaction: Delayed compaction for the LSM-tree},
  author={Pan, Fengfeng and Yue, Yinliang and Xiong, Jin},
  journal={International Journal of Parallel Programming},
  volume={45},
  number={6},
  pages={1310--1325},
  year={2017},
  publisher={Springer}
}

@inproceedings{kannan2018redesigning,
  title={Redesigning $\{$LSMs$\}$ for Nonvolatile Memory with $\{$NoveLSM$\}$},
  author={Kannan, Sudarsun and Bhat, Nitish and Gavrilovska, Ada and Arpaci-Dusseau, Andrea and Arpaci-Dusseau, Remzi},
  booktitle={2018 USENIX Annual Technical Conference (USENIX ATC 18)},
  pages={993--1005},
  year={2018}
}


% WAL design
@inproceedings{conway2020splinterdb,
  title={SplinterDB: Closing the bandwidth gap for nvme key-value stores},
  author={Conway, Alexander and Gupta, Abhishek and Chidambaram, Vijay and Farach-Colton, Martin and Spillane, Richard and Tai, Amy and Johnson, Rob},
  booktitle={2020 {USENIX} Annual Technical Conference ({USENIX}{ATC} 20)},
  pages={49--63},
  year={2020}
}

@inproceedings{chen2021spandb,
  title={{SpanDB}: {A Fast, Cost-Effective LSM-tree Based} {KV Store} on {Hybrid Storage}},
  author={Chen, Hao and Ruan, Chaoyi and Li, Cheng and Ma, Xiaosong and Xu, Yinlong},
  booktitle={19th {USENIX} Conference on File and Storage Technologies ({FAST} 21)},
  pages={17--32},
  year={2021}
}

% Benchmarking
@inproceedings{cooper2010benchmarking,
  title={Benchmarking cloud serving systems with YCSB},
  author={Cooper, Brian F and Silberstein, Adam and Tam, Erwin and Ramakrishnan, Raghu and Sears, Russell},
  booktitle={Proceedings of the 1st ACM symposium on Cloud computing},
  pages={143--154},
  year={2010}
}

@article{didona2020toward,
  title={Toward a better understanding and evaluation of tree structures on flash ssds},
  author={Didona, Diego and Ioannou, Nikolas and Stoica, Radu and Kourtis, Kornilios},
  journal={arXiv preprint arXiv:2006.04658},
  year={2020}
}

@inproceedings{he2017unwritten,
  title={The unwritten contract of solid state drives},
  author={He, Jun and Kannan, Sudarsun and Arpaci-Dusseau, Andrea C and Arpaci-Dusseau, Remzi H},
  booktitle={Proceedings of the twelfth European conference on computer systems},
  pages={127--144},
  year={2017}
}


@article{bjorling2020zone,
  title={Zone Append: A new way of writing to zoned storage},
  author={Bj{\o}rling, Matias},
  journal={Santa Clara, CA, February. USENIX Association.},
  year={2020}
}

@article{klimovic2017reflex,
  title={Reflex: Remote flashâ‰ˆ local flash},
  author={Klimovic, Ana and Litz, Heiner and Kozyrakis, Christos},
  journal={ACM SIGARCH Computer Architecture News},
  volume={45},
  number={1},
  pages={345--359},
  year={2017},
  publisher={ACM New York, NY, USA}
}

% Round robin
@article{rasmussen2008round,
  title={Round robin scheduling--a survey},
  author={Rasmussen, Rasmus V and Trick, Michael A},
  journal={European Journal of Operational Research},
  volume={188},
  number={3},
  pages={617--636},
  year={2008},
  publisher={Elsevier}
}

@article{kabbedijk2015defining,
  title={Defining multi-tenancy: A systematic mapping study on the academic and the industrial perspective},
  author={Kabbedijk, Jaap and Bezemer, Cor-Paul and Jansen, Slinger and Zaidman, Andy},
  journal={Journal of Systems and Software},
  volume={100},
  pages={139--148},
  year={2015},
  publisher={Elsevier}
}

@inproceedings{aljahdali2014multi,
  title={Multi-tenancy in cloud computing},
  author={AlJahdali, Hussain and Albatli, Abdulaziz and Garraghan, Peter and Townend, Paul and Lau, Lydia and Xu, Jie},
  booktitle={2014 IEEE 8th international symposium on service oriented system engineering},
  pages={344--351},
  year={2014},
  organization={IEEE}
}

@inproceedings{bezemer2010multi,
  title={Multi-tenant SaaS applications: maintenance dream or nightmare?},
  author={Bezemer, Cor-Paul and Zaidman, Andy},
  booktitle={Proceedings of the joint ercim workshop on software evolution (evol) and international workshop on principles of software evolution (iwpse)},
  pages={88--92},
  year={2010}
}
